@misc{what_is_slis,
  title = {{図書館情報メディア系について | 筑波大学 図書館情報メディア系／大学院図書館情報メディア研究科}},
  howpublished = "\url{http://www.slis.tsukuba.ac.jp/grad/outline/intro_faculty.html}",
  note = {Accessed: 2019-10-06}
}
